@inproceedings{surfacelink,
  title={SurfaceLink: using inertial and acoustic sensing to enable multi-device interaction on a surface},
  author={Goel, Mayank and Lee, Brendan and Islam Aumi, Md Tanvir and Patel, Shwetak and Borriello, Gaetano and Hibino, Stacie and Begole, Bo},
  booktitle={Proceedings of the 32nd annual ACM conference on Human factors in computing systems},
  pages={1387--1396},
  year={2014},
  organization={ACM}
}

@inproceedings{doplink,
  title={DopLink: using the doppler effect for multi-device interaction},
  author={Aumi, Md Tanvir Islam and Gupta, Sidhant and Goel, Mayank and Larson, Eric and Patel, Shwetak},
  booktitle={Proceedings of the 2013 ACM international joint conference on Pervasive and ubiquitous computing},
  pages={583--586},
  year={2013},
  organization={ACM}
}

@inproceedings{airlink,
  title={AirLink: sharing files between multiple devices using in-air gestures},
  author={Chen, Ke-Yu and Ashbrook, Daniel and Goel, Mayank and Lee, Sung-Hyuck and Patel, Shwetak},
  booktitle={Proceedings of the 2014 ACM International Joint Conference on Pervasive and Ubiquitous Computing},
  pages={565--569},
  year={2014},
  organization={ACM}
}

@inproceedings{inairgesture,
  title={In-air gestures around unmodified mobile devices},
  author={Song, Jie and S{\"o}r{\"o}s, G{\'a}bor and Pece, Fabrizio and Fanello, Sean Ryan and Izadi, Shahram and Keskin, Cem and Hilliges, Otmar},
  booktitle={Proceedings of the 27th annual ACM symposium on User interface software and technology},
  pages={319--329},
  year={2014},
  organization={ACM}
}

@inproceedings{bonfire,
  title={Bonfire: a nomadic system for hybrid laptop-tabletop interaction},
  author={Kane, Shaun K and Avrahami, Daniel and Wobbrock, Jacob O and Harrison, Beverly and Rea, Adam D and Philipose, Matthai and LaMarca, Anthony},
  booktitle={Proceedings of the 22nd annual ACM symposium on User interface software and technology},
  pages={129--138},
  year={2009},
  organization={ACM}
}

@inproceedings{synchronous,
  title={Synchronous gestures for multiple persons and computers},
  author={Hinckley, Ken},
  booktitle={Proceedings of the 16th annual ACM symposium on User interface software and technology},
  pages={149--158},
  year={2003},
  organization={ACM}
}

@inproceedings{kmatsui,
  title={Hand Gesture Interface using Light-dark changes in an Illuminance meter built in mobile devices},
  author={Matsui, Kento and Aida, Hiroto and Ichikawa, Hikaru and Murakami, Hiroki and Miki, Mitsunori},
  booktitle={Proceedings of the International Conference on Wireless Networks (ICWN)},
  pages={32},
  year={2015},
  organization={The Steering Committee of The World Congress in Computer Science, Computer Engineering and Applied Computing (WorldComp)}
}

@inproceedings{hoverlink,
  title={HoverLink: Joint Interactions using Hover Sensing Capability},
  author={Kuribara, Takuro and Shizuki, Buntarou and Tanaka, Jiro},
  booktitle={Proceedings of the 33rd Annual ACM Conference Extended Abstracts on Human Factors in Computing Systems},
  pages={1651--1656},
  year={2015},
  organization={ACM}
}

@inproceedings{flashtouch,
  title={FlashTouch: data communication through touchscreens},
  author={Ogata, Masa and Sugiura, Yuta and Osawa, Hirotaka and Imai, Michita},
  booktitle={Proceedings of the SIGCHI Conference on Human Factors in Computing Systems},
  pages={2321--2324},
  year={2013},
  organization={ACM}
}

@article{synctap,
  title={SyncTap: synchronous user operation for spontaneous network connection},
  author={Rekimoto, Jun},
  journal={Personal and Ubiquitous Computing},
  volume={8},
  number={2},
  pages={126--134},
  year={2004},
  publisher={Springer}
}

@inproceedings{tossit,
  title={Toss-it: intuitive information transfer techniques for mobile devices},
  author={Yatani, Koji and Tamura, Koiti and Hiroki, Keiichi and Sugimoto, Masanori and Hashizume, Hiromichi},
  booktitle={CHI'05 Extended Abstracts on Human Factors in Computing Systems},
  pages={1881--1884},
  year={2005},
  organization={ACM}
}

@inproceedings{pickanddrop,
  title={Pick-and-drop: a direct manipulation technique for multiple computer environments},
  author={Rekimoto, Jun},
  booktitle={Proceedings of the 10th annual ACM symposium on User interface software and technology},
  pages={31--39},
  year={1997},
  organization={ACM}
}

@misc{hue,
	title = "Hue.",
	note = "http:{\slash}{\slash}meethue.com",
}

@article{jis,
author = "JIS",
title = "{JISZ}9110:照明基準総則",
year = "2010",
}

@article{jis2,
author = "JIS",
title = "{JISZ}8721:色の表示方法-三属性による表示",
year = "1993",
}

@article{peter,
	author = "Boyce R. P. \textit{et al.}",
	title = "Individual lighting control:Task, performance, mood, and illuminance.",
	journal = "JOURNAL of the Illuminating Engineering Society",	
	year = "2000",
	pages = "131-142",
}

@article{aditya,
	author = "Chand A., Dey K. A.",
	title = "Jadoo: A Paper User Interface for Users Unfamiliar with Computers",
	journal = "Proc. CHI 2006",	
	year = "2006",
	pages = "1625-1630",
}
